@phdthesis{DBLP:phd/ethos/Pretnar10,
  author    = {Matija Pretnar},
  title     = {Logic and handling of algebraic effects},
  school    = {University of Edinburgh, {UK}},
  year      = {2010},
  url       = {http://hdl.handle.net/1842/4611},
  timestamp = {Thu, 25 Aug 2016 17:20:59 +0200},
  biburl    = {https://dblp.org/rec/bib/phd/ethos/Pretnar10},
  bibsource = {dblp computer science bibliography, https://dblp.org}
}

@article{DBLP:journals/jlp/BauerP15,
  author    = {Andrej Bauer and
               Matija Pretnar},
  title     = {Programming with algebraic effects and handlers},
  journal   = {J. Log. Algebr. Meth. Program.},
  volume    = {84},
  number    = {1},
  pages     = {108--123},
  year      = {2015},
  url       = {https://doi.org/10.1016/j.jlamp.2014.02.001},
  doi       = {10.1016/j.jlamp.2014.02.001},
  timestamp = {Sun, 28 May 2017 13:17:34 +0200},
  biburl    = {https://dblp.org/rec/bib/journals/jlp/BauerP15},
  bibsource = {dblp computer science bibliography, https://dblp.org}
}

@article{DBLP:journals/corr/BauerP13,
  author    = {Andrej Bauer and
               Matija Pretnar},
  title     = {An Effect System for Algebraic Effects and Handlers},
  journal   = {Logical Methods in Computer Science},
  volume    = {10},
  number    = {4},
  year      = {2014},
  url       = {https://doi.org/10.2168/LMCS-10(4:9)2014},
  doi       = {10.2168/LMCS-10(4:9)2014},
  timestamp = {Mon, 13 Aug 2018 16:47:29 +0200},
  biburl    = {https://dblp.org/rec/bib/journals/corr/BauerP13},
  bibsource = {dblp computer science bibliography, https://dblp.org}
}


@inproceedings{DBLP:conf/esop/SalehKPS18,
  author    = {Amr Hany Saleh and
               Georgios Karachalias and
               Matija Pretnar and
               Tom Schrijvers},
  editor    = {Amal Ahmed},
  title     = {Explicit Effect Subtyping},
  booktitle = {Programming Languages and Systems - 27th European Symposium on Programming,
               {ESOP} 2018, Held as Part of the European Joint Conferences on Theory
               and Practice of Software, {ETAPS} 2018, Thessaloniki, Greece, April
               14-20, 2018, Proceedings},
  series    = {Lecture Notes in Computer Science},
  volume    = {10801},
  pages     = {327--354},
  publisher = {Springer},
  year      = {2018},
  url       = {https://doi.org/10.1007/978-3-319-89884-1\_12},
  doi       = {10.1007/978-3-319-89884-1\_12},
  timestamp = {Tue, 26 Jun 2018 14:12:43 +0200},
  biburl    = {https://dblp.org/rec/bib/conf/esop/SalehKPS18},
  bibsource = {dblp computer science bibliography, https://dblp.org}
}

@article{DBLP:journals/corr/PlotkinP13,
  author    = {Gordon D. Plotkin and
               Matija Pretnar},
  title     = {Handling Algebraic Effects},
  journal   = {Logical Methods in Computer Science},
  volume    = {9},
  number    = {4},
  year      = {2013},
  url       = {https://doi.org/10.2168/LMCS-9(4:23)2013},
  doi       = {10.2168/LMCS-9(4:23)2013},
  timestamp = {Mon, 13 Aug 2018 16:48:09 +0200},
  biburl    = {https://dblp.org/rec/bib/journals/corr/PlotkinP13},
  bibsource = {dblp computer science bibliography, https://dblp.org}
}

@inproceedings{DBLP:conf/esop/PlotkinP09,
  author    = {Gordon D. Plotkin and
               Matija Pretnar},
  editor    = {Giuseppe Castagna},
  title     = {Handlers of Algebraic Effects},
  booktitle = {Programming Languages and Systems, 18th European Symposium on Programming,
               {ESOP} 2009, Held as Part of the Joint European Conferences on Theory
               and Practice of Software, {ETAPS} 2009, York, UK, March 22-29, 2009.
               Proceedings},
  series    = {Lecture Notes in Computer Science},
  volume    = {5502},
  pages     = {80--94},
  publisher = {Springer},
  year      = {2009},
  url       = {https://doi.org/10.1007/978-3-642-00590-9\_7},
  doi       = {10.1007/978-3-642-00590-9\_7},
  timestamp = {Tue, 26 Jun 2018 14:12:44 +0200},
  biburl    = {https://dblp.org/rec/bib/conf/esop/PlotkinP09},
  bibsource = {dblp computer science bibliography, https://dblp.org}
}

@article{DBLP:journals/pacmpl/Ahman18,
  author    = {Danel Ahman},
  title     = {Handling fibred algebraic effects},
  journal   = {{PACMPL}},
  volume    = {2},
  number    = {{POPL}},
  pages     = {7:1--7:29},
  year      = {2018},
  url       = {https://doi.org/10.1145/3158095},
  doi       = {10.1145/3158095},
  timestamp = {Tue, 06 Nov 2018 12:51:06 +0100},
  biburl    = {https://dblp.org/rec/bib/journals/pacmpl/Ahman18},
  bibsource = {dblp computer science bibliography, https://dblp.org}
}

@article{DBLP:journals/iandc/LevyPT03,
  author    = {Paul Blain Levy and
               John Power and
               Hayo Thielecke},
  title     = {Modelling environments in call-by-value programming languages},
  journal   = {Inf. Comput.},
  volume    = {185},
  number    = {2},
  pages     = {182--210},
  year      = {2003},
  url       = {https://doi.org/10.1016/S0890-5401(03)00088-9},
  doi       = {10.1016/S0890-5401(03)00088-9},
  timestamp = {Fri, 02 Nov 2018 09:31:09 +0100},
  biburl    = {https://dblp.org/rec/bib/journals/iandc/LevyPT03},
  bibsource = {dblp computer science bibliography, https://dblp.org}
}

@inproceedings{DBLP:conf/icfp/KammarLO13,
  author    = {Ohad Kammar and
               Sam Lindley and
               Nicolas Oury},
  editor    = {Greg Morrisett and
               Tarmo Uustalu},
  title     = {Handlers in action},
  booktitle = {{ACM} {SIGPLAN} International Conference on Functional Programming,
               ICFP'13, Boston, MA, {USA} - September 25 - 27, 2013},
  pages     = {145--158},
  publisher = {{ACM}},
  year      = {2013},
  url       = {https://doi.org/10.1145/2500365.2500590},
  doi       = {10.1145/2500365.2500590},
  timestamp = {Tue, 06 Nov 2018 16:59:25 +0100},
  biburl    = {https://dblp.org/rec/bib/conf/icfp/KammarLO13},
  bibsource = {dblp computer science bibliography, https://dblp.org}
}

@inproceedings{DBLP:conf/popl/Leijen17,
  author    = {Daan Leijen},
  editor    = {Giuseppe Castagna and
               Andrew D. Gordon},
  title     = {Type directed compilation of row-typed algebraic effects},
  booktitle = {Proceedings of the 44th {ACM} {SIGPLAN} Symposium on Principles of
               Programming Languages, {POPL} 2017, Paris, France, January 18-20,
               2017},
  pages     = {486--499},
  publisher = {{ACM}},
  year      = {2017},
  url       = {http://dl.acm.org/citation.cfm?id=3009872},
  timestamp = {Tue, 06 Nov 2018 11:07:42 +0100},
  biburl    = {https://dblp.org/rec/bib/conf/popl/Leijen17},
  bibsource = {dblp computer science bibliography, https://dblp.org}
}

@article{DBLP:journals/pacmpl/BiernackiPPS18,
  author    = {Dariusz Biernacki and
               Maciej Pir{\'{o}}g and
               Piotr Polesiuk and
               Filip Sieczkowski},
  title     = {Handle with care: relational interpretation of algebraic effects and
               handlers},
  journal   = {{PACMPL}},
  volume    = {2},
  number    = {{POPL}},
  pages     = {8:1--8:30},
  year      = {2018},
  url       = {https://doi.org/10.1145/3158096},
  doi       = {10.1145/3158096},
  timestamp = {Tue, 06 Nov 2018 12:51:06 +0100},
  biburl    = {https://dblp.org/rec/bib/journals/pacmpl/BiernackiPPS18},
  bibsource = {dblp computer science bibliography, https://dblp.org}
}

@inproceedings{DBLP:conf/icfp/HillerstromL16,
  author    = {Daniel Hillerstr{\"{o}}m and
               Sam Lindley},
  editor    = {James Chapman and
               Wouter Swierstra},
  title     = {Liberating effects with rows and handlers},
  booktitle = {Proceedings of the 1st International Workshop on Type-Driven Development,
               TyDe@ICFP 2016, Nara, Japan, September 18, 2016},
  pages     = {15--27},
  publisher = {{ACM}},
  year      = {2016},
  url       = {https://doi.org/10.1145/2976022.2976033},
  doi       = {10.1145/2976022.2976033},
  timestamp = {Tue, 06 Nov 2018 16:59:24 +0100},
  biburl    = {https://dblp.org/rec/bib/conf/icfp/HillerstromL16},
  bibsource = {dblp computer science bibliography, https://dblp.org}
}

@inproceedings{DBLP:conf/popl/KammarP12,
  author    = {Ohad Kammar and
               Gordon D. Plotkin},
  editor    = {John Field and
               Michael Hicks},
  title     = {Algebraic foundations for effect-dependent optimisations},
  booktitle = {Proceedings of the 39th {ACM} {SIGPLAN-SIGACT} Symposium on Principles
               of Programming Languages, {POPL} 2012, Philadelphia, Pennsylvania,
               USA, January 22-28, 2012},
  pages     = {349--360},
  publisher = {{ACM}},
  year      = {2012},
  url       = {https://doi.org/10.1145/2103656.2103698},
  doi       = {10.1145/2103656.2103698},
  timestamp = {Tue, 06 Nov 2018 11:07:43 +0100},
  biburl    = {https://dblp.org/rec/bib/conf/popl/KammarP12},
  bibsource = {dblp computer science bibliography, https://dblp.org}
}

@article{DBLP:journals/entcs/Pretnar15,
  author    = {Matija Pretnar},
  title     = {An Introduction to Algebraic Effects and Handlers. {I}nvited tutorial
               paper},
  journal   = {Electr. Notes Theor. Comput. Sci.},
  volume    = {319},
  pages     = {19--35},
  year      = {2015},
  url       = {https://doi.org/10.1016/j.entcs.2015.12.003},
  doi       = {10.1016/j.entcs.2015.12.003},
  timestamp = {Sun, 28 May 2017 13:22:54 +0200},
  biburl    = {https://dblp.org/rec/bib/journals/entcs/Pretnar15},
  bibsource = {dblp computer science bibliography, https://dblp.org}
}

@article{DBLP:journals/pacmpl/0002KLP17,
  author    = {Yannick Forster and
               Ohad Kammar and
               Sam Lindley and
               Matija Pretnar},
  title     = {On the expressive power of user-defined effects: effect handlers,
               monadic reflection, delimited control},
  journal   = {{PACMPL}},
  volume    = {1},
  number    = {{ICFP}},
  pages     = {13:1--13:29},
  year      = {2017},
  url       = {https://doi.org/10.1145/3110257},
  doi       = {10.1145/3110257},
  timestamp = {Tue, 06 Nov 2018 12:51:05 +0100},
  biburl    = {https://dblp.org/rec/bib/journals/pacmpl/0002KLP17},
  bibsource = {dblp computer science bibliography, https://dblp.org}
}



@article{DBLP:journals/jfp/KammarP17,
  author    = {Ohad Kammar and
               Matija Pretnar},
  title     = {No value restriction is needed for algebraic effects and handlers},
  journal   = {J. Funct. Program.},
  volume    = {27},
  pages     = {e7},
  year      = {2017},
  url       = {https://doi.org/10.1017/S0956796816000320},
  doi       = {10.1017/S0956796816000320},
  timestamp = {Sat, 27 May 2017 14:24:34 +0200},
  biburl    = {https://dblp.org/rec/bib/journals/jfp/KammarP17},
  bibsource = {dblp computer science bibliography, https://dblp.org}
}

@inproceedings{DBLP:conf/fossacs/PlotkinP01,
  author    = {Gordon D. Plotkin and
               John Power},
  editor    = {Furio Honsell and
               Marino Miculan},
  title     = {Adequacy for Algebraic Effects},
  booktitle = {Foundations of Software Science and Computation Structures, 4th International
               Conference, {FOSSACS} 2001 Held as Part of the Joint European Conferences
               on Theory and Practice of Software, {ETAPS} 2001 Genova, Italy, April
               2-6, 2001, Proceedings},
  series    = {Lecture Notes in Computer Science},
  volume    = {2030},
  pages     = {1--24},
  publisher = {Springer},
  year      = {2001},
  url       = {https://doi.org/10.1007/3-540-45315-6\_1},
  doi       = {10.1007/3-540-45315-6\_1},
  timestamp = {Fri, 02 Nov 2018 09:35:49 +0100},
  biburl    = {https://dblp.org/rec/bib/conf/fossacs/PlotkinP01},
  bibsource = {dblp computer science bibliography, https://dblp.org}
}


@article{DBLP:journals/acs/PlotkinP03,
  author    = {Gordon D. Plotkin and
               John Power},
  title     = {Algebraic Operations and Generic Effects},
  journal   = {Applied Categorical Structures},
  volume    = {11},
  number    = {1},
  pages     = {69--94},
  year      = {2003},
  url       = {https://doi.org/10.1023/A:1023064908962},
  doi       = {10.1023/A:1023064908962},
  timestamp = {Fri, 02 Nov 2018 09:31:44 +0100},
  biburl    = {https://dblp.org/rec/bib/journals/acs/PlotkinP03},
  bibsource = {dblp computer science bibliography, https://dblp.org}
}

@inproceedings{DBLP:conf/cpp/McLaughlinMS18,
  author    = {Craig McLaughlin and
               James McKinna and
               Ian Stark},
  editor    = {June Andronick and
               Amy P. Felty},
  title     = {Triangulating context lemmas},
  booktitle = {Proceedings of the 7th {ACM} {SIGPLAN} International Conference on
               Certified Programs and Proofs, {CPP} 2018, Los Angeles, CA, USA, January
               8-9, 2018},
  pages     = {102--114},
  publisher = {{ACM}},
  year      = {2018},
  url       = {https://doi.org/10.1145/3167081},
  doi       = {10.1145/3167081},
  timestamp = {Wed, 21 Nov 2018 12:44:26 +0100},
  biburl    = {https://dblp.org/rec/bib/conf/cpp/McLaughlinMS18},
  bibsource = {dblp computer science bibliography, https://dblp.org}
}

@inproceedings{DBLP:conf/lics/PlotkinP08,
  author    = {Gordon D. Plotkin and
               Matija Pretnar},
  title     = {A Logic for Algebraic Effects},
  booktitle = {Proceedings of the Twenty-Third Annual {IEEE} Symposium on Logic in
               Computer Science, {LICS} 2008, 24-27 June 2008, Pittsburgh, PA, {USA}},
  pages     = {118--129},
  publisher = {{IEEE} Computer Society},
  year      = {2008},
  url       = {https://doi.org/10.1109/LICS.2008.45},
  doi       = {10.1109/LICS.2008.45},
  timestamp = {Thu, 25 May 2017 00:42:40 +0200},
  biburl    = {https://dblp.org/rec/bib/conf/lics/PlotkinP08},
  bibsource = {dblp computer science bibliography, https://dblp.org}
}

@inproceedings{DBLP:conf/icfp/GibbonsH11,
  author    = {Jeremy Gibbons and
               Ralf Hinze},
  editor    = {Manuel M. T. Chakravarty and
               Zhenjiang Hu and
               Olivier Danvy},
  title     = {Just do it: simple monadic equational reasoning},
  booktitle = {Proceeding of the 16th {ACM} {SIGPLAN} international conference on
               Functional Programming, {ICFP} 2011, Tokyo, Japan, September 19-21,
               2011},
  pages     = {2--14},
  publisher = {{ACM}},
  year      = {2011},
  url       = {https://doi.org/10.1145/2034773.2034777},
  doi       = {10.1145/2034773.2034777},
  timestamp = {Tue, 06 Nov 2018 16:59:24 +0100},
  biburl    = {https://dblp.org/rec/bib/conf/icfp/GibbonsH11},
  bibsource = {dblp computer science bibliography, https://dblp.org}
}

@inproceedings{DBLP:conf/icfp/Brady13,
  author    = {Edwin Brady},
  editor    = {Greg Morrisett and
               Tarmo Uustalu},
  title     = {Programming and reasoning with algebraic effects and dependent types},
  booktitle = {{ACM} {SIGPLAN} International Conference on Functional Programming,
               ICFP'13, Boston, MA, {USA} - September 25 - 27, 2013},
  pages     = {133--144},
  publisher = {{ACM}},
  year      = {2013},
  url       = {https://doi.org/10.1145/2500365.2500581},
  doi       = {10.1145/2500365.2500581},
  timestamp = {Tue, 06 Nov 2018 16:59:25 +0100},
  biburl    = {https://dblp.org/rec/bib/conf/icfp/Brady13},
  bibsource = {dblp computer science bibliography, https://dblp.org}
}

@inproceedings{DBLP:conf/icfp/ClaessenH00,
  author    = {Koen Claessen and
               John Hughes},
  editor    = {Martin Odersky and
               Philip Wadler},
  title     = {QuickCheck: a lightweight tool for random testing of Haskell programs},
  booktitle = {Proceedings of the Fifth {ACM} {SIGPLAN} International Conference
               on Functional Programming {(ICFP} '00), Montreal, Canada, September
               18-21, 2000.},
  pages     = {268--279},
  publisher = {{ACM}},
  year      = {2000},
  url       = {https://doi.org/10.1145/351240.351266},
  doi       = {10.1145/351240.351266},
  timestamp = {Tue, 06 Nov 2018 16:59:25 +0100},
  biburl    = {https://dblp.org/rec/bib/conf/icfp/ClaessenH00},
  bibsource = {dblp computer science bibliography, https://dblp.org}
}

@article{DBLP:journals/iandc/Moggi91,
  author    = {Eugenio Moggi},
  title     = {Notions of Computation and Monads},
  journal   = {Inf. Comput.},
  volume    = {93},
  number    = {1},
  pages     = {55--92},
  year      = {1991},
  url       = {https://doi.org/10.1016/0890-5401(91)90052-4},
  doi       = {10.1016/0890-5401(91)90052-4},
  timestamp = {Wed, 14 Nov 2018 10:35:08 +0100},
  biburl    = {https://dblp.org/rec/bib/journals/iandc/Moggi91},
  bibsource = {dblp computer science bibliography, https://dblp.org}
}