@inproceedings{DBLP:conf/lics/PlotkinP08,
  author    = {Gordon D. Plotkin and
               Matija Pretnar},
  title     = {A Logic for Algebraic Effects},
  booktitle = {Proceedings of the Twenty-Third Annual {IEEE} Symposium on Logic in
               Computer Science, {LICS} 2008, 24-27 June 2008, Pittsburgh, PA, {USA}},
  pages     = {118--129},
  publisher = {{IEEE} Computer Society},
  year      = {2008},
  url       = {https://doi.org/10.1109/LICS.2008.45},
  doi       = {10.1109/LICS.2008.45},
  timestamp = {Thu, 25 May 2017 00:42:40 +0200},
  biburl    = {https://dblp.org/rec/bib/conf/lics/PlotkinP08},
  bibsource = {dblp computer science bibliography, https://dblp.org}
}

@inproceedings{DBLP:conf/esop/PlotkinP09,
  author    = {Gordon D. Plotkin and
               Matija Pretnar},
  editor    = {Giuseppe Castagna},
  title     = {Handlers of Algebraic Effects},
  booktitle = {Programming Languages and Systems, 18th European Symposium on Programming,
               {ESOP} 2009, Held as Part of the Joint European Conferences on Theory
               and Practice of Software, {ETAPS} 2009, York, UK, March 22-29, 2009.
               Proceedings},
  series    = {Lecture Notes in Computer Science},
  volume    = {5502},
  pages     = {80--94},
  publisher = {Springer},
  year      = {2009},
  url       = {https://doi.org/10.1007/978-3-642-00590-9\_7},
  doi       = {10.1007/978-3-642-00590-9\_7},
  timestamp = {Tue, 26 Jun 2018 14:12:44 +0200},
  biburl    = {https://dblp.org/rec/bib/conf/esop/PlotkinP09},
  bibsource = {dblp computer science bibliography, https://dblp.org}
}

@phdthesis{DBLP:phd/ethos/Pretnar10,
  author    = {Matija Pretnar},
  title     = {Logic and handling of algebraic effects},
  school    = {University of Edinburgh, {UK}},
  year      = {2010},
  url       = {http://hdl.handle.net/1842/4611},
  timestamp = {Thu, 25 Aug 2016 17:20:59 +0200},
  biburl    = {https://dblp.org/rec/bib/phd/ethos/Pretnar10},
  bibsource = {dblp computer science bibliography, https://dblp.org}
}

@article{DBLP:journals/corr/abs-1203-1539,
  author    = {Andrej Bauer and
               Matija Pretnar},
  title     = {Programming with Algebraic Effects and Handlers},
  journal   = {CoRR},
  volume    = {abs/1203.1539},
  year      = {2012},
  url       = {http://arxiv.org/abs/1203.1539},
  archivePrefix = {arXiv},
  eprint    = {1203.1539},
  timestamp = {Mon, 13 Aug 2018 16:46:15 +0200},
  biburl    = {https://dblp.org/rec/bib/journals/corr/abs-1203-1539},
  bibsource = {dblp computer science bibliography, https://dblp.org}
}

@inproceedings{DBLP:conf/calco/BauerP13,
  author    = {Andrej Bauer and
               Matija Pretnar},
  editor    = {Reiko Heckel and
               Stefan Milius},
  title     = {An Effect System for Algebraic Effects and Handlers},
  booktitle = {Algebra and Coalgebra in Computer Science - 5th International Conference,
               {CALCO} 2013, Warsaw, Poland, September 3-6, 2013. Proceedings},
  series    = {Lecture Notes in Computer Science},
  volume    = {8089},
  pages     = {1--16},
  publisher = {Springer},
  year      = {2013},
  url       = {https://doi.org/10.1007/978-3-642-40206-7\_1},
  doi       = {10.1007/978-3-642-40206-7\_1},
  timestamp = {Wed, 24 May 2017 08:30:19 +0200},
  biburl    = {https://dblp.org/rec/bib/conf/calco/BauerP13},
  bibsource = {dblp computer science bibliography, https://dblp.org}
}

@article{DBLP:journals/corr/PlotkinP13,
  author    = {Gordon D. Plotkin and
               Matija Pretnar},
  title     = {Handling Algebraic Effects},
  journal   = {Logical Methods in Computer Science},
  volume    = {9},
  number    = {4},
  year      = {2013},
  url       = {https://doi.org/10.2168/LMCS-9(4:23)2013},
  doi       = {10.2168/LMCS-9(4:23)2013},
  timestamp = {Mon, 13 Aug 2018 16:48:09 +0200},
  biburl    = {https://dblp.org/rec/bib/journals/corr/PlotkinP13},
  bibsource = {dblp computer science bibliography, https://dblp.org}
}

@article{DBLP:journals/corr/BauerP13,
  author    = {Andrej Bauer and
               Matija Pretnar},
  title     = {An Effect System for Algebraic Effects and Handlers},
  journal   = {Logical Methods in Computer Science},
  volume    = {10},
  number    = {4},
  year      = {2014},
  url       = {https://doi.org/10.2168/LMCS-10(4:9)2014},
  doi       = {10.2168/LMCS-10(4:9)2014},
  timestamp = {Mon, 13 Aug 2018 16:47:29 +0200},
  biburl    = {https://dblp.org/rec/bib/journals/corr/BauerP13},
  bibsource = {dblp computer science bibliography, https://dblp.org}
}

@article{DBLP:journals/corr/Pretnar13,
  author    = {Matija Pretnar},
  title     = {Inferring Algebraic Effects},
  journal   = {Logical Methods in Computer Science},
  volume    = {10},
  number    = {3},
  year      = {2014},
  url       = {https://doi.org/10.2168/LMCS-10(3:21)2014},
  doi       = {10.2168/LMCS-10(3:21)2014},
  timestamp = {Mon, 13 Aug 2018 16:49:10 +0200},
  biburl    = {https://dblp.org/rec/bib/journals/corr/Pretnar13},
  bibsource = {dblp computer science bibliography, https://dblp.org}
}

@inproceedings{DBLP:conf/kolicalling/LokarP15,
  author    = {Matija Lokar and
               Matija Pretnar},
  editor    = {P{\"{a}}ivi Kinnunen and
               Judy Sheard},
  title     = {A low overhead automated service for teaching programming},
  booktitle = {Proceedings of the 15th Koli Calling Conference on Computing Education
               Research, Koli, Finland, November 19-22, 2015},
  pages     = {132--136},
  publisher = {{ACM}},
  year      = {2015},
  url       = {https://doi.org/10.1145/2828959.2828964},
  doi       = {10.1145/2828959.2828964},
  timestamp = {Tue, 06 Nov 2018 16:58:30 +0100},
  biburl    = {https://dblp.org/rec/bib/conf/kolicalling/LokarP15},
  bibsource = {dblp computer science bibliography, https://dblp.org}
}

@article{DBLP:journals/jlp/BauerP15,
  author    = {Andrej Bauer and
               Matija Pretnar},
  title     = {Programming with algebraic effects and handlers},
  journal   = {J. Log. Algebr. Meth. Program.},
  volume    = {84},
  number    = {1},
  pages     = {108--123},
  year      = {2015},
  url       = {https://doi.org/10.1016/j.jlamp.2014.02.001},
  doi       = {10.1016/j.jlamp.2014.02.001},
  timestamp = {Sun, 28 May 2017 13:17:34 +0200},
  biburl    = {https://dblp.org/rec/bib/journals/jlp/BauerP15},
  bibsource = {dblp computer science bibliography, https://dblp.org}
}

@article{DBLP:journals/entcs/Pretnar15,
  author    = {Matija Pretnar},
  title     = {An Introduction to Algebraic Effects and Handlers. Invited tutorial
               paper},
  journal   = {Electr. Notes Theor. Comput. Sci.},
  volume    = {319},
  pages     = {19--35},
  year      = {2015},
  url       = {https://doi.org/10.1016/j.entcs.2015.12.003},
  doi       = {10.1016/j.entcs.2015.12.003},
  timestamp = {Sun, 28 May 2017 13:22:54 +0200},
  biburl    = {https://dblp.org/rec/bib/journals/entcs/Pretnar15},
  bibsource = {dblp computer science bibliography, https://dblp.org}
}

@article{DBLP:journals/dagstuhl-reports/Bauer0PY16,
  author    = {Andrej Bauer and
               Martin Hofmann and
               Matija Pretnar and
               Jeremy Yallop},
  title     = {From Theory to Practice of Algebraic Effects and Handlers (Dagstuhl
               Seminar 16112)},
  journal   = {Dagstuhl Reports},
  volume    = {6},
  number    = {3},
  pages     = {44--58},
  year      = {2016},
  url       = {https://doi.org/10.4230/DagRep.6.3.44},
  doi       = {10.4230/DagRep.6.3.44},
  timestamp = {Wed, 07 Jun 2017 14:40:01 +0200},
  biburl    = {https://dblp.org/rec/bib/journals/dagstuhl-reports/Bauer0PY16},
  bibsource = {dblp computer science bibliography, https://dblp.org}
}

@article{DBLP:journals/corr/ForsterKLP16,
  author    = {Yannick Forster and
               Ohad Kammar and
               Sam Lindley and
               Matija Pretnar},
  title     = {On the Expressive Power of User-Defined Effects: Effect Handlers,
               Monadic Reflection, Delimited Control},
  journal   = {CoRR},
  volume    = {abs/1610.09161},
  year      = {2016},
  url       = {http://arxiv.org/abs/1610.09161},
  archivePrefix = {arXiv},
  eprint    = {1610.09161},
  timestamp = {Mon, 13 Aug 2018 16:47:56 +0200},
  biburl    = {https://dblp.org/rec/bib/journals/corr/ForsterKLP16},
  bibsource = {dblp computer science bibliography, https://dblp.org}
}

@article{DBLP:journals/corr/KammarP16,
  author    = {Ohad Kammar and
               Matija Pretnar},
  title     = {No value restriction is needed for algebraic effects and handlers},
  journal   = {CoRR},
  volume    = {abs/1605.06938},
  year      = {2016},
  url       = {http://arxiv.org/abs/1605.06938},
  archivePrefix = {arXiv},
  eprint    = {1605.06938},
  timestamp = {Mon, 13 Aug 2018 16:46:06 +0200},
  biburl    = {https://dblp.org/rec/bib/journals/corr/KammarP16},
  bibsource = {dblp computer science bibliography, https://dblp.org}
}

@inproceedings{DBLP:conf/types/BauerGHPS16,
  author    = {Andrej Bauer and
               Ga{\"{e}}tan Gilbert and
               Philipp G. Haselwarter and
               Matija Pretnar and
               Christopher A. Stone},
  editor    = {Silvia Ghilezan and
               Herman Geuvers and
               Jelena Ivetic},
  title     = {Design and Implementation of the Andromeda Proof Assistant},
  booktitle = {22nd International Conference on Types for Proofs and Programs, {TYPES}
               2016, May 23-26, 2016, Novi Sad, Serbia},
  series    = {LIPIcs},
  volume    = {97},
  pages     = {5:1--5:31},
  publisher = {Schloss Dagstuhl - Leibniz-Zentrum fuer Informatik},
  year      = {2016},
  url       = {https://doi.org/10.4230/LIPIcs.TYPES.2016.5},
  doi       = {10.4230/LIPIcs.TYPES.2016.5},
  timestamp = {Thu, 06 Dec 2018 13:42:44 +0100},
  biburl    = {https://dblp.org/rec/bib/conf/types/BauerGHPS16},
  bibsource = {dblp computer science bibliography, https://dblp.org}
}

@article{DBLP:journals/pacmpl/0002KLP17,
  author    = {Yannick Forster and
               Ohad Kammar and
               Sam Lindley and
               Matija Pretnar},
  title     = {On the expressive power of user-defined effects: effect handlers,
               monadic reflection, delimited control},
  journal   = {{PACMPL}},
  volume    = {1},
  number    = {{ICFP}},
  pages     = {13:1--13:29},
  year      = {2017},
  url       = {https://doi.org/10.1145/3110257},
  doi       = {10.1145/3110257},
  timestamp = {Tue, 06 Nov 2018 12:51:05 +0100},
  biburl    = {https://dblp.org/rec/bib/journals/pacmpl/0002KLP17},
  bibsource = {dblp computer science bibliography, https://dblp.org}
}

@article{DBLP:journals/jfp/KammarP17,
  author    = {Ohad Kammar and
               Matija Pretnar},
  title     = {No value restriction is needed for algebraic effects and handlers},
  journal   = {J. Funct. Program.},
  volume    = {27},
  pages     = {e7},
  year      = {2017},
  url       = {https://doi.org/10.1017/S0956796816000320},
  doi       = {10.1017/S0956796816000320},
  timestamp = {Sat, 27 May 2017 14:24:34 +0200},
  biburl    = {https://dblp.org/rec/bib/journals/jfp/KammarP17},
  bibsource = {dblp computer science bibliography, https://dblp.org}
}

@article{DBLP:journals/dagstuhl-reports/ChandrasekaranL18,
  author    = {Sivaramakrishnan Krishnamoorthy Chandrasekaran and
               Daan Leijen and
               Matija Pretnar and
               Tom Schrijvers},
  title     = {Algebraic Effect Handlers go Mainstream (Dagstuhl Seminar 18172)},
  journal   = {Dagstuhl Reports},
  volume    = {8},
  number    = {4},
  pages     = {104--125},
  year      = {2018},
  url       = {https://doi.org/10.4230/DagRep.8.4.104},
  doi       = {10.4230/DagRep.8.4.104},
  timestamp = {Wed, 10 Oct 2018 16:21:31 +0200},
  biburl    = {https://dblp.org/rec/bib/journals/dagstuhl-reports/ChandrasekaranL18},
  bibsource = {dblp computer science bibliography, https://dblp.org}
}

@article{DBLP:journals/corr/abs-1802-06217,
  author    = {Andrej Bauer and
               Ga{\"{e}}tan Gilbert and
               Philipp G. Haselwarter and
               Matija Pretnar and
               Christopher A. Stone},
  title     = {Design and Implementation of the Andromeda Proof Assistant},
  journal   = {CoRR},
  volume    = {abs/1802.06217},
  year      = {2018},
  url       = {http://arxiv.org/abs/1802.06217},
  archivePrefix = {arXiv},
  eprint    = {1802.06217},
  timestamp = {Mon, 13 Aug 2018 16:47:28 +0200},
  biburl    = {https://dblp.org/rec/bib/journals/corr/abs-1802-06217},
  bibsource = {dblp computer science bibliography, https://dblp.org}
}

@inproceedings{DBLP:conf/esop/SalehKPS18,
  author    = {Amr Hany Saleh and
               Georgios Karachalias and
               Matija Pretnar and
               Tom Schrijvers},
  editor    = {Amal Ahmed},
  title     = {Explicit Effect Subtyping},
  booktitle = {Programming Languages and Systems - 27th European Symposium on Programming,
               {ESOP} 2018, Held as Part of the European Joint Conferences on Theory
               and Practice of Software, {ETAPS} 2018, Thessaloniki, Greece, April
               14-20, 2018, Proceedings},
  series    = {Lecture Notes in Computer Science},
  volume    = {10801},
  pages     = {327--354},
  publisher = {Springer},
  year      = {2018},
  url       = {https://doi.org/10.1007/978-3-319-89884-1\_12},
  doi       = {10.1007/978-3-319-89884-1\_12},
  timestamp = {Tue, 26 Jun 2018 14:12:43 +0200},
  biburl    = {https://dblp.org/rec/bib/conf/esop/SalehKPS18},
  bibsource = {dblp computer science bibliography, https://dblp.org}
}